%YAML 1.1
%TAG !u! tag:unity3d.com,2011:
--- !u!1001 &100100000
Prefab:
  m_ObjectHideFlags: 1
  serializedVersion: 2
  m_Modification:
    m_TransformParent: {fileID: 0}
    m_Modifications: []
    m_RemovedComponents: []
  m_SourcePrefab: {fileID: 0}
  m_RootGameObject: {fileID: 1105654463695418}
  m_IsPrefabAsset: 1
--- !u!1 &1105654463695418
GameObject:
  m_ObjectHideFlags: 0
  m_CorrespondingSourceObject: {fileID: 0}
  m_PrefabInternal: {fileID: 100100000}
  serializedVersion: 6
  m_Component:
  - component: {fileID: 4128367269103290}
  - component: {fileID: 65415446651738510}
  - component: {fileID: 114559309626625596}
  m_Layer: 0
  m_Name: Graf Zeppelin
  m_TagString: Untagged
  m_Icon: {fileID: 0}
  m_NavMeshLayer: 0
  m_StaticEditorFlags: 0
  m_IsActive: 1
--- !u!1 &1470122918472898
GameObject:
  m_ObjectHideFlags: 1
  m_CorrespondingSourceObject: {fileID: 0}
  m_PrefabInternal: {fileID: 100100000}
  serializedVersion: 6
  m_Component:
  - component: {fileID: 4983401465795046}
  - component: {fileID: 33002920088220536}
  - component: {fileID: 23619696325014304}
  m_Layer: 0
  m_Name: AircraftCarrier_Hull
  m_TagString: Untagged
  m_Icon: {fileID: 0}
  m_NavMeshLayer: 0
  m_StaticEditorFlags: 0
  m_IsActive: 1
--- !u!1 &1950641923393382
GameObject:
  m_ObjectHideFlags: 0
  m_CorrespondingSourceObject: {fileID: 0}
  m_PrefabInternal: {fileID: 100100000}
  serializedVersion: 6
  m_Component:
  - component: {fileID: 4661153680609278}
  m_Layer: 0
  m_Name: AircraftCarrier
  m_TagString: Untagged
  m_Icon: {fileID: 0}
  m_NavMeshLayer: 0
  m_StaticEditorFlags: 0
  m_IsActive: 1
--- !u!4 &4128367269103290
Transform:
  m_ObjectHideFlags: 1
  m_CorrespondingSourceObject: {fileID: 0}
  m_PrefabInternal: {fileID: 100100000}
  m_GameObject: {fileID: 1105654463695418}
  m_LocalRotation: {x: 0, y: 0, z: 0, w: 1}
  m_LocalPosition: {x: 0, y: 0, z: 0}
  m_LocalScale: {x: 1, y: 1, z: 1}
  m_Children:
  - {fileID: 4661153680609278}
  m_Father: {fileID: 0}
  m_RootOrder: 0
  m_LocalEulerAnglesHint: {x: 0, y: 0, z: 0}
--- !u!4 &4661153680609278
Transform:
  m_ObjectHideFlags: 1
  m_CorrespondingSourceObject: {fileID: 0}
  m_PrefabInternal: {fileID: 100100000}
  m_GameObject: {fileID: 1950641923393382}
  m_LocalRotation: {x: 0, y: 0.7071068, z: 0.7071068, w: 0}
  m_LocalPosition: {x: -0.032378953, y: -0.39380062, z: -0.009671097}
  m_LocalScale: {x: 1, y: 1, z: 1}
  m_Children:
  - {fileID: 4983401465795046}
  m_Father: {fileID: 4128367269103290}
  m_RootOrder: 0
  m_LocalEulerAnglesHint: {x: -90.00001, y: 180, z: 0}
--- !u!4 &4983401465795046
Transform:
  m_ObjectHideFlags: 1
  m_CorrespondingSourceObject: {fileID: 0}
  m_PrefabInternal: {fileID: 100100000}
  m_GameObject: {fileID: 1470122918472898}
  m_LocalRotation: {x: 0, y: -0, z: -0, w: 1}
  m_LocalPosition: {x: 0.032378953, y: -0.009671097, z: -0.1061994}
  m_LocalScale: {x: 1, y: 1, z: 1}
  m_Children: []
  m_Father: {fileID: 4661153680609278}
  m_RootOrder: 0
  m_LocalEulerAnglesHint: {x: 0, y: 0, z: 0}
--- !u!23 &23619696325014304
MeshRenderer:
  m_ObjectHideFlags: 1
  m_CorrespondingSourceObject: {fileID: 0}
  m_PrefabInternal: {fileID: 100100000}
  m_GameObject: {fileID: 1470122918472898}
  m_Enabled: 1
  m_CastShadows: 1
  m_ReceiveShadows: 1
  m_DynamicOccludee: 1
  m_MotionVectors: 1
  m_LightProbeUsage: 1
  m_ReflectionProbeUsage: 1
  m_RenderingLayerMask: 4294967295
  m_Materials:
  - {fileID: 2100000, guid: 209c629f9907e3d4f8e150a4a4bae44b, type: 2}
  - {fileID: 2100000, guid: 18c463a1c33b204449859a02877985ee, type: 2}
  m_StaticBatchInfo:
    firstSubMesh: 0
    subMeshCount: 0
  m_StaticBatchRoot: {fileID: 0}
  m_ProbeAnchor: {fileID: 0}
  m_LightProbeVolumeOverride: {fileID: 0}
  m_ScaleInLightmap: 1
  m_PreserveUVs: 0
  m_IgnoreNormalsForChartDetection: 0
  m_ImportantGI: 0
  m_StitchLightmapSeams: 0
  m_SelectedEditorRenderState: 3
  m_MinimumChartSize: 4
  m_AutoUVMaxDistance: 0.5
  m_AutoUVMaxAngle: 89
  m_LightmapParameters: {fileID: 0}
  m_SortingLayerID: 0
  m_SortingLayer: 0
  m_SortingOrder: 0
--- !u!33 &33002920088220536
MeshFilter:
  m_ObjectHideFlags: 1
  m_CorrespondingSourceObject: {fileID: 0}
  m_PrefabInternal: {fileID: 100100000}
  m_GameObject: {fileID: 1470122918472898}
  m_Mesh: {fileID: 4300000, guid: 6edcb9b807b59ad45b1354468c4d1f72, type: 3}
--- !u!65 &65415446651738510
BoxCollider:
  m_ObjectHideFlags: 1
  m_CorrespondingSourceObject: {fileID: 0}
  m_PrefabInternal: {fileID: 100100000}
  m_GameObject: {fileID: 1105654463695418}
  m_Material: {fileID: 0}
  m_IsTrigger: 0
  m_Enabled: 1
  serializedVersion: 2
  m_Size: {x: 0.99, y: 0.99, z: 0.99}
  m_Center: {x: 0, y: 0, z: 0}
--- !u!114 &114559309626625596
MonoBehaviour:
  m_ObjectHideFlags: 1
  m_CorrespondingSourceObject: {fileID: 0}
  m_PrefabInternal: {fileID: 100100000}
  m_GameObject: {fileID: 1105654463695418}
  m_Enabled: 1
  m_EditorHideFlags: 0
  m_Script: {fileID: 11500000, guid: 3751a55d039331b499170f2232c0ee9b, type: 3}
  m_Name: 
  m_EditorClassIdentifier: 
  actorInfo: {fileID: 11400000, guid: 9cbc371a8e6beec46bb9ef1c5f2aa0b7, type: 2}
  bindingVolume: {fileID: 65415446651738510}
